@article{newman1962,
  author = {D. J. Newman},
  title = {{A simplified proof of the partition formula.}},
  volume = {9},
  journal = {Michigan Mathematical Journal},
  number = {3},
  publisher = {University of Michigan, Department of Mathematics},
  pages = {283 -- 287},
  year = {1962},
  doi = {10.1307/mmj/1028998729},
  url = {https://doi.org/10.1307/mmj/1028998729},
}


@article{hardy-ramanujan1918,
  author = {Hardy, G. H. and Ramanujan, S.},
  title = {Asymptotic Formul√¶ in Combinatory Analysis},
  journal = {Proceedings of the London Mathematical Society},
  volume = {s2-17},
  number = {1},
  pages = {75-115},
  doi = {https://doi.org/10.1112/plms/s2-17.1.75},
  year = {1918},
}

@article{circle-method,
  author = {A.A. Karatsuba},
  title = {Circle method},
  journal = {Encyclopedia of Mathematics},
  url = {http://encyclopediaofmath.org/index.php?title=Circle_method&oldid=39763
         },
}

@video{circle-method-video,
  year = {2022},
  month = {2},
  day = {5},
  title = {Introducing Hardy littlewood Ramanujan Circle Method},
  url = {https://www.youtube.com/watch?v=QqjyAQNMZck},
}

